@ARTICLE{Heideman2005,
  AUTHOR = {Heideman, G. and Datta, R. N. and Noordermeer, J. W M and van Baarle, B.},
  URL = {http://doi.wiley.com/10.1002/app.21364},
  DATE = {2005-03-15},
  DOI = {10.1002/app.21364},
  ISSN = {0021-8995},
  JOURNALTITLE = {Journal of Applied Polymer Science},
  KEYWORDS = {Nanoparticles,Rubber,Vulcanization,Zinc oxide},
  NUMBER = {6},
  PAGES = {1388--1404},
  SHORTJOURNAL = {J. Appl. Polym. Sci.},
  TITLE = {Influence of Zinc Oxide during Different Stages of Sulfur Vulcanization. {{Elucidated}} by Model Compound Studies},
  VOLUME = {95},
}

@BOOK{King2005,
  EDITOR = {King, R. Bruce},
  LOCATION = {New York},
  PUBLISHER = {Wiley},
  URL = {http://eu.wiley.com/WileyCDA/WileyTitle/productCd-0470860782.html},
  DATE = {2005},
  EDITION = {2},
  ISBN = {978-0-470-86078-6},
  PAGETOTAL = {6696},
  TITLE = {Encyclopedia of Inorganic Chemistry},
}

@ARTICLE{Serpone2007,
  AUTHOR = {Serpone, Nick and Dondi, Daniele and Albini, Angelo},
  URL = {http://linkinghub.elsevier.com/retrieve/pii/S0020169306000259},
  DATE = {2007-02},
  DOI = {10.1016/j.ica.2005.12.057},
  ISSN = {0020-1693},
  JOURNALTITLE = {Inorganica Chimica Acta},
  KEYWORDS = {Effect of TiO2 on DNA,Inorganic UV filters,Modified TiO2,Organic UV filters,Photostability of sunscreens,Sunscreens},
  NUMBER = {3},
  PAGES = {794--802},
  SHORTJOURNAL = {Inorg. Chim. Acta},
  TITLE = {Inorganic and Organic {{UV}} Filters: Their Role and Efficacy in Sunscreens and Suncare Products},
  VOLUME = {360},
}

@ARTICLE{Rambu2013,
  AUTHOR = {Rambu, A. P. and Doroftei, C. and Ursu, L. and Iacomi, F.},
  URL = {http://link.springer.com/10.1007/s10853-013-7245-5},
  DATE = {2013-06-26},
  DOI = {10.1007/s10853-013-7245-5},
  ISSN = {0022-2461},
  JOURNALTITLE = {Journal of Materials Science},
  NUMBER = {12},
  PAGES = {4305--4312},
  SHORTJOURNAL = {J. Mater. Sci.},
  TITLE = {Structure and Gas Sensing Properties of Nanocrystalline {{Fe}}-Doped {{ZnO}} Films Prepared by Spin Coating Method},
  VOLUME = {48},
}

@ARTICLE{Cai2013,
  AUTHOR = {Cai, Yu and Fan, Huiqing and Xu, Mengmeng and Li, Qiang and Long, Changbai},
  URL = {http://pubs.rsc.org/en/content/articlehtml/2013/ce/c3ce40915e},
  DATE = {2013},
  DOI = {10.1039/c3ce40915e},
  ISSN = {1466-8033},
  JOURNALTITLE = {CrystEngComm},
  NUMBER = {36},
  PAGES = {7339--7345},
  SHORTJOURNAL = {CrystEngComm},
  TITLE = {Fast Economical Synthesis of {{Fe}}-Doped {{ZnO}} Hierarchical Nanostructures and Their High Gas-Sensing Performance},
  VOLUME = {15},
}

@ARTICLE{Sharma2004,
  AUTHOR = {Sharma, Parmanand and Gupta, Amita and Owens, Frank J. and Inoue, Akhisha and Rao, K.V.},
  URL = {http://linkinghub.elsevier.com/retrieve/pii/S0304885304004275},
  DATE = {2004-11},
  DOI = {10.1016/j.jmmm.2004.04.028},
  ISSN = {03048853},
  JOURNALTITLE = {Journal of Magnetism and Magnetic Materials},
  KEYWORDS = {Ferromagnetism,Mn-doped ZnO,Pulsed laser ablation,Spintronics},
  NUMBER = {1-3},
  PAGES = {115--121},
  SHORTJOURNAL = {J. Magn. Magn. Mater.},
  TITLE = {Room Temperature Spintronic Material---{{Mn}}-Doped {{ZnO}} Revisited},
  VOLUME = {282},
}

@ARTICLE{Quintana2007,
  AUTHOR = {Quintana, María and Edvinsson, Tomas and Hagfeldt, Anders and Boschloo, Gerrit},
  URL = {http://pubs.acs.org/doi/abs/10.1021/jp065948f},
  DATE = {2007-01},
  DOI = {10.1021/jp065948f},
  ISSN = {1932-7447},
  JOURNALTITLE = {Journal of Physical Chemistry C},
  KEYWORDS = {carrier lifetime,charge transport,DSSC,intensity-modulated photocurrent spectroscopy,intensity-modulated photovoltage spectroscopy,titanium oxide,zinc oxide},
  NUMBER = {2},
  PAGES = {1035--1041},
  SHORTJOURNAL = {J. Phys. Chem. C},
  TITLE = {Comparison of Dye-Sensitized {{ZnO}} and {{TiO2}} Solar Cells: Studies of Charge Transport and Carrier Lifetime},
  VOLUME = {111},
}

@INCOLLECTION{Boschloo2006,
  AUTHOR = {Boschloo, Gerrit and Edvinsson, Tomas and Hagfeldt, Anders},
  PUBLISHER = {Elsevier},
  URL = {http://linkinghub.elsevier.com/retrieve/pii/B9780444528445500093},
  BOOKTITLE = {Nanostructured {{Materials}} for {{Solar Energy Conversion}}},
  DATE = {2006},
  DOI = {10.1016/B978-044452844-5/50009-3},
  ISBN = {978-0-444-52844-5},
  KEYWORDS = {DSSC,zinc oxide},
  PAGES = {227--254},
  TITLE = {Dye-Sensitized Nanostructured {{ZnO}} Electrodes for Solar Cell Applications},
}

@ARTICLE{Yoshikawa1997,
  AUTHOR = {Yoshikawa, Hisashi and Adachi, Sadao},
  URL = {http://stacks.iop.org/1347-4065/36/6237},
  DATE = {1997-10-15},
  DOI = {10.1143/JJAP.36.6237},
  ISSN = {0021-4922},
  ISSUE = {Part 1, No. 10},
  JOURNALTITLE = {Japanese Journal of Applied Physics},
  KEYWORDS = {zinc oxide},
  PAGES = {6237--6243},
  SHORTJOURNAL = {Jpn. J. Appl. Phys.},
  TITLE = {Optical Constants of {{ZnO}}},
  VOLUME = {36},
}

@ARTICLE{Look1998,
  AUTHOR = {Look, D.C. and Reynolds, D.C. and Sizelove, J.R. and Jones, R.L. and Litton, C.W. and Cantwell, G. and Harsch, W.C.},
  URL = {http://www.sciencedirect.com/science/article/pii/S0038109897101454},
  DATE = {1998-02},
  DOI = {10.1016/S0038-1098(97)10145-4},
  ISSN = {0038-1098},
  JOURNALTITLE = {Solid State Communications},
  KEYWORDS = {A. semiconductors,B. crystal growth,C. point defects,D. electronic transport,E. luminescence},
  NUMBER = {6},
  PAGES = {399--401},
  SHORTJOURNAL = {Solid State Commun.},
  TITLE = {Electrical Properties of Bulk {{ZnO}}},
  VOLUME = {105},
}

@ARTICLE{Kaidashev2003,
  AUTHOR = {Kaidashev, E. M. and Lorenz, M. and von Wenckstern, H. and Rahm, A. and Semmelhack, H.-C. and Han, K.-H. and Benndorf, G. and Bundesmann, C. and Hochmuth, H. and Grundmann, M.},
  URL = {http://aip.scitation.org/doi/10.1063/1.1578694},
  DATE = {2003-06-02},
  DOI = {10.1063/1.1578694},
  ISSN = {0003-6951},
  JOURNALTITLE = {Applied Physics Letters},
  NUMBER = {22},
  PAGES = {3901--3903},
  SHORTJOURNAL = {Appl. Phys. Lett.},
  TITLE = {High Electron Mobility of Epitaxial {{ZnO}} Thin Films on C-Plane Sapphire Grown by Multistep Pulsed-Laser Deposition},
  VOLUME = {82},
}

@ARTICLE{Ozgur2005,
  AUTHOR = {Özgür, Ü. and Alivov, Ya I. and Liu, C. and Teke, A. and Reshchikov, M. A. and Doğan, S. and Avrutin, V. and Cho, S.-J. and Morkoç, H.},
  URL = {http://aip.scitation.org/doi/10.1063/1.1992666},
  DATE = {2005-08-15},
  DOI = {10.1063/1.1992666},
  ISSN = {0021-8979},
  JOURNALTITLE = {Journal of Applied Physics},
  KEYWORDS = {zinc oxide},
  NUMBER = {4},
  PAGES = {041301},
  SHORTJOURNAL = {J. Appl. Phys.},
  TITLE = {A Comprehensive Review of {{ZnO}} Materials and Devices},
  VOLUME = {98},
}

@ARTICLE{Raymand2012,
  AUTHOR = {Raymand, David and Jacobsson, T. Jesper and Hermansson, Kersti and Edvinsson, Tomas},
  URL = {http://pubs.acs.org/doi/abs/10.1021/jp300985k},
  DATE = {2012-03-29},
  DOI = {10.1021/jp300985k},
  ISSN = {1932-7447},
  JOURNALTITLE = {The Journal of Physical Chemistry C},
  KEYWORDS = {quantum dot,Raman,zinc oxide},
  NUMBER = {12},
  PAGES = {6893--6901},
  SHORTJOURNAL = {J. Phys. Chem. C},
  TITLE = {Investigation of Vibrational Modes and Phonon Density of States in {{ZnO}} Quantum Dots},
  VOLUME = {116},
}

@ARTICLE{Jacobsson2014,
  AUTHOR = {Jacobsson, T Jesper and Viarbitskaya, Sviatlana and Mukhtar, Emad and Edvinsson, Tomas},
  DATE = {2014},
  DOI = {10.1039/c4cp00254g},
  EPRINT = {24658340},
  EPRINTTYPE = {pmid},
  ISSN = {1463-9076},
  JOURNALTITLE = {Physical Chemistry Chemical Physics},
  KEYWORDS = {quantum dot,zinc oxide},
  NUMBER = {27},
  PAGES = {13849--13857},
  SHORTJOURNAL = {Phys. Chem. Chem. Phys.},
  TITLE = {A Size Dependent Discontinuous Decay Rate for the Exciton Emission in {{ZnO}} Quantum Dots},
  VOLUME = {16},
}

@ARTICLE{Jacobsson2014a,
  AUTHOR = {Jacobsson, T Jesper and Edvinsson, Tomas},
  URL = {http://pubs.acs.org/doi/abs/10.1021/jp503098q},
  DATE = {2014-06-05},
  DOI = {10.1021/jp503098q},
  ISSN = {1932-7447},
  JOURNALTITLE = {Journal of Physical Chemistry C},
  KEYWORDS = {quantum dot,Stark effect,zinc oxide},
  NUMBER = {22},
  PAGES = {12061--12072},
  SHORTJOURNAL = {J. Phys. Chem. C},
  TITLE = {Quantum Confined {{Stark}} Effects in {{ZnO}} Quantum Dots Investigated with Photoelectrochemical Methods},
  VOLUME = {118},
}

@ARTICLE{Jacobsson2012,
  AUTHOR = {Jacobsson, T. Jesper and Edvinsson, Tomas},
  URL = {http://xlink.rsc.org/?DOI=c2ra21566g},
  DATE = {2012},
  DOI = {10.1039/c2ra21566g},
  ISSN = {2046-2069},
  JOURNALTITLE = {RSC Advances},
  KEYWORDS = {photocatalytic activity,quantum dot,zinc oxide},
  NUMBER = {27},
  PAGES = {10298--10305},
  SHORTJOURNAL = {RSC Adv.},
  TITLE = {Antireflective Coatings of {{ZnO}} Quantum Dots and Their Photocatalytic Activity},
  VOLUME = {2},
}

@ARTICLE{Sakthivel2003,
  AUTHOR = {Sakthivel, S and Neppolian, B and Shankar, M.V. and Arabindoo, B and Palanichamy, M and Murugesan, V},
  URL = {http://linkinghub.elsevier.com/retrieve/pii/S0927024802002556},
  DATE = {2003-04},
  DOI = {10.1016/S0927-0248(02)00255-6},
  ISSN = {0927-0248},
  JOURNALTITLE = {Solar Energy Materials \& Solar Cells},
  KEYWORDS = {acid brown 14,degradat,photocatalysis,photodegradation,TiO2,titanium oxide,zinc oxide,ZnO},
  NUMBER = {1},
  PAGES = {65--82},
  SHORTJOURNAL = {Sol. Energy Mater. Sol. Cells},
  TITLE = {Solar Photocatalytic Degradation of Azo Dye: Comparison of Photocatalytic Efficiency of {{ZnO}} and {{TiO2}}},
  VOLUME = {77},
}

@ARTICLE{Muruganandham2006,
  AUTHOR = {Muruganandham, M. and Shobana, N. and Swaminathan, M.},
  URL = {http://linkinghub.elsevier.com/retrieve/pii/S1381116905007028},
  DATE = {2006-03},
  DOI = {10.1016/j.molcata.2005.09.052},
  ISSN = {1381-1169},
  JOURNALTITLE = {Journal of Molecular Catalysis A: Chemical},
  KEYWORDS = {AOPs,Electron acceptors,photocatalytic degradation,Reactive Yellow 14,Solar energy,TiO2},
  NUMBER = {1-2},
  PAGES = {154--161},
  SHORTJOURNAL = {J. Mol. Catal. A: Chem.},
  TITLE = {Optimization of Solar Photocatalytic Degradation Conditions of {{Reactive Yellow}} 14 Azo Dye in Aqueous {{TiO2}}},
  VOLUME = {246},
}

@ARTICLE{Yan2009a,
  AUTHOR = {Yan, Hongwei and Hou, Jianbo and Fu, Zhengping and Yang, Beifang and Yang, Pinghua and Liu, Kaipeng and Wen, Meiwang and Chen, Youjun and Fu, Shengquan and Li, Fanqing},
  URL = {http://linkinghub.elsevier.com/retrieve/pii/S0025540809001895},
  DATE = {2009-10},
  DOI = {10.1016/j.materresbull.2009.06.014},
  ISSN = {00255408},
  JOURNALTITLE = {Materials Research Bulletin},
  KEYWORDS = {A. Nanostructures,A. Semiconductors,B. Vapor deposition,C. Electron microscopy,D. Catalytic properties},
  NUMBER = {10},
  PAGES = {1954--1958},
  SHORTJOURNAL = {Mater. Res. Bull.},
  TITLE = {Growth and Photocatalytic Properties of One-Dimensional {{ZnO}} Nanostructures Prepared by Thermal Evaporation},
  VOLUME = {44},
}

@ARTICLE{Maynard2011,
  AUTHOR = {Maynard, Andrew D. and Warheit, David B. and Philbert, Martin A.},
  DATE = {2011},
  DOI = {10.1093/toxsci/kfq372},
  EPRINT = {21177774},
  EPRINTTYPE = {pmid},
  ISSN = {10966080},
  ISSUE = {SUPPL.1},
  JOURNALTITLE = {Toxicological Sciences},
  KEYWORDS = {Biointeractions,Biokinetics,Dose,Engineered nanomaterials,Nanotechnology,Nanotoxicology,Physicochemical characterization},
  PAGES = {S109--S129},
  SHORTJOURNAL = {Toxicol. Sci.},
  TITLE = {The New Toxicology of Sophisticated Materials: Nanotoxicology and Beyond},
  VOLUME = {120},
}

@ARTICLE{Maynard2011a,
  AUTHOR = {Maynard, Andrew D.},
  URL = {http://www.nature.com/articles/475031a},
  DATE = {2011-07-07},
  DOI = {10.1038/475031a},
  EPRINT = {21734686},
  EPRINTTYPE = {pmid},
  ISSN = {0028-0836},
  JOURNALTITLE = {Nature},
  NUMBER = {7354},
  PAGES = {31},
  SHORTJOURNAL = {Nature},
  TITLE = {Don't Define Nanomaterials},
  VOLUME = {475},
}

@REPORT{WWAP2017,
  AUTHOR = {{United Nations World Water Assessment Programme}},
  INSTITUTION = {United Nations Educational, Scientific and Cultural Organization},
  LOCATION = {Paris},
  URL = {http://www.unesco.org/new/en/natural-sciences/environment/water/wwap/wwdr/2017-wastewater-the-untapped-resource/},
  DATE = {2017},
  ISBN = {9789231002014},
  TITLE = {The {{United Nations}} World Water Development Report 2017},
}

@ARTICLE{Tachikawa2007,
  AUTHOR = {Tachikawa, Takashi and Fujitsuka, Mamoru and Majima, Tetsuro},
  DATE = {2007},
  DOI = {10.1021/jp069005u},
  ISSN = {19327447},
  JOURNALTITLE = {Journal of Physical Chemistry C},
  NUMBER = {14},
  PAGES = {5259--5275},
  SHORTJOURNAL = {J. Phys. Chem. C},
  TITLE = {Mechanistic Insight into the {{TiO2}} Photocatalytic Reactions: Design of New Photocatalysts},
  VOLUME = {111},
}

@ARTICLE{Herrmann2005,
  AUTHOR = {Herrmann, J. M.},
  URL = {http://link.springer.com/10.1007/s11244-005-3788-2},
  DATE = {2005-05},
  DOI = {10.1007/s11244-005-3788-2},
  ISSN = {1022-5528},
  JOURNALTITLE = {Topics in Catalysis},
  KEYWORDS = {Helio-photocatalysis,Mechanism,Pesticide removal,Photocatalysis,Photoreactors,Solar reactors,Water purification},
  NUMBER = {1-4},
  PAGES = {49--65},
  SHORTJOURNAL = {Top. Catal.},
  TITLE = {Heterogeneous Photocatalysis: State of the Art and Present Applications},
  VOLUME = {34},
}

@ARTICLE{Chen2007d,
  AUTHOR = {Chen, Chiing-Chang},
  URL = {http://linkinghub.elsevier.com/retrieve/pii/S1381116906012167},
  DATE = {2007-03},
  DOI = {10.1016/j.molcata.2006.09.013},
  ISSN = {1381-1169},
  JOURNALTITLE = {Journal of Molecular Catalysis A: Chemical},
  KEYWORDS = {Dyes,Ethyl violet,N-De-ethylation,Photocatalytic,photocatalytic degradation,zinc oxide,ZnO},
  NUMBER = {1-2},
  PAGES = {82--92},
  SHORTJOURNAL = {J. Mol. Catal. A: Chem.},
  TITLE = {Degradation Pathways of Ethyl Violet by Photocatalytic Reaction with {{ZnO}} Dispersions},
  VOLUME = {264},
}

@ARTICLE{Jacobsson2011,
  AUTHOR = {Jacobsson, T Jesper and Edvinsson, Tomas},
  DATE = {2011-10-03},
  DOI = {10.1021/ic201327n},
  EPRINT = {21875043},
  EPRINTTYPE = {pmid},
  ISSN = {0020-1669},
  JOURNALTITLE = {Inorganic Chemistry},
  KEYWORDS = {band gap,quantum dot,zinc oxide},
  NUMBER = {19},
  PAGES = {9578--9586},
  SHORTJOURNAL = {Inorg. Chem.},
  TITLE = {Absorption and Fluorescence Spectroscopy of Growing {{ZnO}} Quantum Dots: Size and Band Gap Correlation and Evidence of Mobile Trap States},
  VOLUME = {50},
}

@ARTICLE{Meulenkamp1998,
  AUTHOR = {Meulenkamp, Eric A.},
  URL = {http://www.scopus.com/inward/record.url?eid=2-s2.0-0000855422&partnerID=40&md5=d724a75c06d2d20b28306730b2505567%5Cnhttp://pubs.acs.org/doi/abs/10.1021/jp980730h},
  DATE = {1998},
  DOI = {10.1021/jp980730h},
  ISSN = {1520-6106},
  JOURNALTITLE = {Journal of Physical Chemistry B},
  KEYWORDS = {nanoparticle,zinc oxide},
  NUMBER = {29},
  PAGES = {5566--5572},
  SHORTJOURNAL = {J. Phys. Chem. B},
  TITLE = {Synthesis and Growth of {{ZnO}} Nanoparticles},
  VOLUME = {102},
}

@ARTICLE{Spanhel1991,
  AUTHOR = {Spanhel, Lubomir and a Anderson, Marc},
  URL = {http://pubs.acs.org/doi/abs/10.1021/ja00008a004},
  DATE = {1991},
  DOI = {10.1021/ja00008a004},
  ISSN = {0002-7863},
  JOURNALTITLE = {Journal of the American Chemical Society},
  KEYWORDS = {nanoparticle,sol-gel synthesis,zinc oxide},
  NUMBER = {8},
  PAGES = {2826--2833},
  SHORTJOURNAL = {J. Am. Chem. Soc.},
  TITLE = {Semiconductor Clusters in the Sol-Gel Process: Quantized Aggregation, Gelation, and Crystal Growth in Concentrated Zinc Oxide Colloids},
  VOLUME = {113},
}

@ARTICLE{Wojdyr2010,
  AUTHOR = {Wojdyr, Marcin},
  PUBLISHER = {International Union of Crystallography},
  DATE = {2010},
  DOI = {10.1107/S0021889810030499},
  ISSN = {00218898},
  ISSUE = {5 PART 1},
  JOURNALTITLE = {Journal of Applied Crystallography},
  KEYWORDS = {curve fitting,Pawley refinement,peak fitting,Raman,XRD},
  PAGES = {1126--1128},
  SHORTJOURNAL = {J. Appl. Cryst.},
  TITLE = {Fityk: A General-Purpose Peak Fitting Program},
  VOLUME = {43},
}

@ARTICLE{Brus1984,
  AUTHOR = {Brus, L. E.},
  DATE = {1984},
  DOI = {10.1016/0022-2313(84)90302-8},
  EPRINT = {194},
  EPRINTTYPE = {pmid},
  ISSN = {00222313},
  ISSUE = {PART 1},
  JOURNALTITLE = {Journal of Luminescence},
  PAGES = {381--384},
  SHORTJOURNAL = {J. Lumin.},
  TITLE = {On the Development of Bulk Optical Properties in Small Semiconductor Crystallites},
  VOLUME = {31-32},
}

@ARTICLE{Edvinsson2018,
  AUTHOR = {Edvinsson, T},
  URL = {http://rsos.royalsocietypublishing.org/lookup/doi/10.1098/rsos.180387},
  DATE = {2018-09-12},
  DOI = {10.1098/rsos.180387},
  ISSN = {2054-5703},
  JOURNALTITLE = {Royal Society Open Science},
  KEYWORDS = {★,nanotechnology,photochemistry,TE-highlight},
  NUMBER = {9},
  PAGES = {180387},
  SHORTJOURNAL = {R. Soc. Open Sci.},
  TITLE = {Optical Quantum Confinement and Photocatalytic Properties in Two-, One- and Zero-Dimensional Nanostructures},
  VOLUME = {5},
}

@MISC{ASTMG17303,
  AUTHOR = {{ASTM International}},
  LOCATION = {West Conshohocken, PA},
  URL = {https://www.astm.org/Standards/G173.htm},
  DATE = {2012},
  DOI = {10.1520/G0173-03R12},
  TITLE = {ASTM G173-03, Standard Tables for Reference Solar Spectral Irradiances: Direct Normal and Hemispherical on \ang{37} Tilted Surface},
}

@ARTICLE{Schubert1955,
  AUTHOR = {Schubert, Maxwell and Levine, Anne},
  URL = {http://pubs.acs.org/doi/abs/10.1021/ja01621a004},
  DATE = {1955-08},
  DOI = {10.1021/ja01621a004},
  ISSN = {0002-7863},
  JOURNALTITLE = {Journal of the American Chemical Society},
  NUMBER = {16},
  PAGES = {4197--4201},
  SHORTJOURNAL = {J. Am. Chem. Soc.},
  TITLE = {A Qualitative Theory of Metachromasy in Solution},
  VOLUME = {77},
}

@ARTICLE{Cenens1988,
  AUTHOR = {Cenens, J. and Schoonheydt, R. A.},
  URL = {http://www.scopus.com/inward/record.url?eid=2-s2.0-0024029208&partnerID=tZOtx3y1},
  DATE = {1988},
  DOI = {10.1346/CCMN.1988.0360302},
  ISSN = {0009-8604},
  JOURNALTITLE = {Clays and Clay Minerals},
  KEYWORDS = {--adsorption,barasym,hectorite,laponite,methylene blue,sepiolite,visible spectroscopy},
  NUMBER = {3},
  PAGES = {214--224},
  SHORTJOURNAL = {Clays Clay Miner.},
  TITLE = {Visible Spectroscopy of Methylene Blue on Hectorite, {{Laponite B}}, and {{Barasym}} in Aqueous Suspension},
  VOLUME = {36},
}

@ARTICLE{Braswell1968,
  AUTHOR = {Braswell, Emory},
  URL = {http://pubs.acs.org/doi/abs/10.1021/j100853a035},
  DATE = {1968-07},
  DOI = {10.1021/j100853a035},
  ISSN = {0022-3654},
  JOURNALTITLE = {Journal of Physical Chemistry},
  NUMBER = {7},
  PAGES = {2477--2483},
  SHORTJOURNAL = {J. Phys. Chem.},
  TITLE = {Evidence for Trimerization in Aqueous Solutions of Methylene Blue},
  VOLUME = {72},
}

@ARTICLE{Heger2005,
  AUTHOR = {Heger, Dominik and Jirkovský, Jaromír and Klán, Petr},
  URL = {http://pubs.acs.org/doi/abs/10.1021/jp050439j},
  DATE = {2005-08},
  DOI = {10.1021/jp050439j},
  EPRINT = {16834023},
  EPRINTTYPE = {pmid},
  ISSN = {1089-5639},
  JOURNALTITLE = {Journal of Physical Chemistry A},
  KEYWORDS = {methylene blue},
  NUMBER = {30},
  PAGES = {6702--6709},
  SHORTJOURNAL = {J. Phys. Chem. A},
  TITLE = {Aggregation of Methylene Blue in Frozen Aqueous Solutions Studied by Absorption Spectroscopy},
  VOLUME = {109},
}

@ARTICLE{Jockusch1995,
  AUTHOR = {Jockusch, Steffen and Turro, Nicholas J. and Tomalia, Donald A.},
  URL = {http://pubs.acs.org/doi/abs/10.1021/ma00126a020},
  DATE = {1995-10},
  DOI = {10.1021/ma00126a020},
  ISSN = {0024-9297},
  JOURNALTITLE = {Macromolecules},
  NUMBER = {22},
  PAGES = {7416--7418},
  SHORTJOURNAL = {Macromolecules},
  TITLE = {Aggregation of Methylene Blue Adsorbed on Starburst Dendrimers},
  VOLUME = {28},
}

@ARTICLE{Ruprecht1984,
  AUTHOR = {Ruprecht, J. and Baumgärtel, H.},
  URL = {http://doi.wiley.com/10.1002/bbpc.19840880213},
  DATE = {1984-02},
  DOI = {10.1002/bbpc.19840880213},
  ISSN = {00059021},
  JOURNALTITLE = {Berichte der Bunsen-Gesellschaft fur physikalische Chemie},
  NUMBER = {2},
  PAGES = {145--150},
  SHORTJOURNAL = {Ber. Bunsen-Ges.},
  TITLE = {The Influence of the Electronic Structure on the Dimerization of Phenthiazonium Cations in Aqueous Solution},
  VOLUME = {88},
}

@ARTICLE{Reichardt1994,
  AUTHOR = {Reichardt, Christian},
  URL = {http://pubs.acs.org/doi/abs/10.1021/cr00032a005},
  DATE = {1994-12},
  DOI = {10.1021/cr00032a005},
  EPRINT = {1556},
  EPRINTTYPE = {pmid},
  ISSN = {0009-2665},
  JOURNALTITLE = {Chemical Reviews},
  NUMBER = {8},
  PAGES = {2319--2358},
  SHORTJOURNAL = {Chem. Rev.},
  TITLE = {Solvatochromic Dyes as Solvent Polarity Indicators},
  VOLUME = {94},
}

@ARTICLE{Lewis1943,
  AUTHOR = {Lewis, G. N. and Goldschmid, O. and Magel, T. T. and Bigeleisen, J.},
  URL = {http://pubs.acs.org/doi/abs/10.1021/ja01246a037},
  DATE = {1943-06},
  DOI = {10.1021/ja01246a037},
  ISSN = {0002-7863},
  JOURNALTITLE = {Journal of the American Chemical Society},
  NUMBER = {6},
  PAGES = {1150--1154},
  SHORTJOURNAL = {J. Am. Chem. Soc.},
  TITLE = {Dimeric and Other Forms of Methylene Blue: Absorption and Fluorescence of the Pure Monomer},
  VOLUME = {65},
}

@ARTICLE{Parkanyi1993,
  AUTHOR = {Párkányi, C. and Boniface, C. and Aaron, J.J and Maafi, M.},
  URL = {http://linkinghub.elsevier.com/retrieve/pii/0584853993802397},
  DATE = {1993-11},
  DOI = {10.1016/0584-8539(93)80239-7},
  ISSN = {05848539},
  JOURNALTITLE = {Spectrochimica Acta Part A: Molecular Spectroscopy},
  NUMBER = {12},
  PAGES = {1715--1725},
  SHORTJOURNAL = {Spectrochim. Acta, Part A},
  TITLE = {A Quantitative Study of the Effect of Solvent on the Electronic Absorption and Fluorescence Spectra of Substituted Phenothiazines: Evaluation of Their Ground and Excited Singlet-State Dipole Moments},
  VOLUME = {49},
}

@ARTICLE{Bergmann1963,
  AUTHOR = {Bergmann, K. and O'Konski, C. T.},
  URL = {http://pubs.acs.org/doi/abs/10.1021/j100804a048},
  DATE = {1963-10},
  DOI = {10.1021/j100804a048},
  ISSN = {0022-3654},
  JOURNALTITLE = {Journal of Physical Chemistry},
  NUMBER = {10},
  PAGES = {2169--2177},
  SHORTJOURNAL = {J. Phys. Chem.},
  TITLE = {A Spectroscopic Study of Methylene Blue Monomer, Dimer, and Complexes with Montmorillonite},
  VOLUME = {67},
}

@BOOK{Bard2008,
  EDITOR = {Bard, Allen J. and Inzelt, György and Scholz, Fritz},
  LOCATION = {Berlin},
  PUBLISHER = {Springer},
  DATE = {2008},
  DOI = {10.1007/978-3-340-74598-3},
  ISBN = {978-3-540-74597-6},
  KEYWORDS = {EESEC grad course,PCPEC grad course},
  TITLE = {Electrochemical Dictionary},
}

@ARTICLE{Hallock2003,
  AUTHOR = {Hallock, Alexander J. and Berman, Elena S F and Zare, Richard N.},
  URL = {http://pubs.acs.org/doi/abs/10.1021/ja028129r},
  DATE = {2003-02},
  DOI = {10.1021/ja028129r},
  EPRINT = {12553804},
  EPRINTTYPE = {pmid},
  ISSN = {0002-7863},
  JOURNALTITLE = {Journal of the American Chemical Society},
  NUMBER = {5},
  PAGES = {1158--1159},
  SHORTJOURNAL = {J. Am. Chem. Soc.},
  TITLE = {Ultratrace Kinetic Measurements of the Reduction of Methylene Blue},
  VOLUME = {125},
}

@ARTICLE{Resch1990,
  AUTHOR = {Resch, Peter and Field, Richard J. and Schneider, F. W. and Burger, Maria},
  URL = {http://pubs.acs.org/doi/abs/10.1021/j100362a009},
  DATE = {1989-12},
  DOI = {10.1021/j100362a009},
  ISSN = {0022-3654},
  JOURNALTITLE = {Journal of Physical Chemistry},
  NUMBER = {25},
  PAGES = {8181--8186},
  SHORTJOURNAL = {J. Phys. Chem.},
  TITLE = {Reduction of Methylene Blue by Sulfide Ion in the Presence and Absence of Oxygen: Simulation of the Methylene Blue-{{O2}}-{{HS}}- {{CSTR}} Oscillations},
  VOLUME = {93},
}

@ARTICLE{Mills1999,
  AUTHOR = {Mills, Andrew and Wang, Jishun},
  URL = {http://linkinghub.elsevier.com/retrieve/pii/S1010603099001434},
  DATE = {1999-10},
  DOI = {10.1016/S1010-6030(99)00143-4},
  ISSN = {10106030},
  JOURNALTITLE = {Journal of Photochemistry and Photobiology A: Chemistry},
  NUMBER = {1-3},
  PAGES = {123--134},
  SHORTJOURNAL = {J. Photochem. Photobiol. A. Chem.},
  TITLE = {Photobleaching of Methylene Blue Sensitised by {{TiO2}}: An Ambiguous System?},
  VOLUME = {127},
}

@ARTICLE{Baruah2009,
  AUTHOR = {Baruah, Sunandan and Sinha, Sudarson Sekhar and Ghosh, Barnali and Pal, Samir Kumar and Raychaudhuri, A. K. and Dutta, Joydeep},
  URL = {http://aip.scitation.org/doi/10.1063/1.3100221},
  DATE = {2009-04},
  DOI = {10.1063/1.3100221},
  ISSN = {0021-8979},
  JOURNALTITLE = {Journal of Applied Physics},
  NUMBER = {7},
  PAGES = {074308},
  SHORTJOURNAL = {J. Appl. Phys.},
  TITLE = {Photoreactivity of {{ZnO}} Nanoparticles in Visible Light: Effect of Surface States on Electron Transfer Reaction},
  VOLUME = {105},
}

@ARTICLE{Bora2016,
  AUTHOR = {Bora, Tanujjal and Zoepfl, David and Dutta, Joydeep},
  URL = {http://www.nature.com/articles/srep26913},
  DATE = {2016-07-31},
  DOI = {10.1038/srep26913},
  EPRINT = {27242172},
  EPRINTTYPE = {pmid},
  ISSN = {2045-2322},
  JOURNALTITLE = {Scientific Reports},
  NUMBER = {1},
  PAGES = {26913},
  SHORTJOURNAL = {Sci. Rep.},
  TITLE = {Importance of Plasmonic Heating on Visible Light Driven Photocatalysis of Gold Nanoparticle Decorated Zinc Oxide Nanorods},
  VOLUME = {6},
}

@ARTICLE{DeTacconi1997,
  AUTHOR = {de Tacconi, Norma R. and Carmona, Judith and Rajeshwar, Krishnan},
  URL = {http://jes.ecsdl.org/cgi/doi/10.1149/1.1837841},
  DATE = {1997},
  DOI = {10.1149/1.1837841},
  ISSN = {00134651},
  JOURNALTITLE = {Journal of The Electrochemical Society},
  NUMBER = {7},
  PAGES = {2486--2490},
  SHORTJOURNAL = {J. Electrochem. Soc.},
  TITLE = {Reversibility of Photoelectrochromism at the {{TiO2}}/Methylene Blue Interface},
  VOLUME = {144},
}

@BOOK{Hitchman1978,
  AUTHOR = {Hitchman, Michael L.},
  EDITORB = {{P. J. Elving, J.D. Winefordner, I. M. Kolthoff}},
  PUBLISHER = {John Wiley \& Sons, Inc.},
  DATE = {1978},
  EDITORBTYPE = {redactor},
  ISBN = {978-0-471-03885-6},
  KEYWORDS = {oxygen},
  SERIES = {Chemical {{Analysis}}},
  TITLE = {Measurement of Dissolved Oxygen},
  VOLUME = {49},
}

@MISC{water2018,
  AUTHOR = {Ahmed, Taha},
  URL = {https://doi.org/10.5281/zenodo.3636202},
  DATE = {2018-01},
  DOI = {10.5281/zenodo.3636202},
  TITLE = {Oxygen Solubility in Water (v0.2)},
}

@ARTICLE{Jacobsson2012a,
  AUTHOR = {Jacobsson, Jesper Tor and Edvinsson, Tomas},
  DATE = {2012},
  DOI = {10.1021/jp302220w},
  ISSN = {1932-7447},
  JOURNALTITLE = {Journal of Physical Chemistry C},
  KEYWORDS = {for pow mettallurgy,intl adv res ctr,new mtrl,quantum dot,scriber access provided by,zinc oxide},
  NUMBER = {29},
  PAGES = {15692--15701},
  SHORTJOURNAL = {J. Phys. Chem. C},
  TITLE = {Photoelectrochemical Determination of the Absolute Band Edge Positions as a Function of Particle Size for {{ZnO}} Quantum Dots},
  VOLUME = {116},
}

